<?xml version="1.0" encoding="UTF-8"?><record xmlns="http://www.loc.gov/MARC21/slim" xmlns:cinclude="http://apache.org/cocoon/include/1.0" xmlns:zs="http://www.loc.gov/zing/srw/">
  <leader>00647cz  a2200169n  4500</leader>
  <controlfield tag="001">no2002102231</controlfield>
  <controlfield tag="003">DLC</controlfield>
  <controlfield tag="005">20021113101536.0</controlfield>
  <controlfield tag="008">021108n| acannaabn          |a aaa      </controlfield>
  <datafield tag="010" ind1=" " ind2=" ">
    <subfield code="a">no2002102231</subfield>
  </datafield>
  <datafield tag="035" ind1=" " ind2=" ">
    <subfield code="a">(OCoLC)oca05907024</subfield>
  </datafield>
  <datafield tag="040" ind1=" " ind2=" ">
    <subfield code="a">DLC-ON</subfield>
    <subfield code="b">eng</subfield>
    <subfield code="c">DLC-ON</subfield>
  </datafield>
  <datafield tag="100" ind1="1" ind2=" ">
    <subfield code="a">Pāṇḍeya, Kusumākara</subfield>
  </datafield>
  <datafield tag="400" ind1="0" ind2=" ">
    <subfield code="a">Kusumākara Pāṇḍeya</subfield>
  </datafield>
  <datafield tag="400" ind1="0" ind2=" ">
    <subfield code="a">Kusumakar Pandey</subfield>
  </datafield>
  <datafield tag="400" ind1="1" ind2=" ">
    <subfield code="a">Pandey, Kusumakar</subfield>
  </datafield>
  <datafield tag="670" ind1=" " ind2=" ">
    <subfield code="a">Hindī sāhityakāra citrāvalī, 2002:</subfield>
    <subfield code="b">t.p. (Ḍā. Kusumākara Pāṇḍeya) t.p. verso (Pandey, Kusumakar Dr.) prelim. p. 1 (Ḍā. Kusumākara Pāṇḍeya, sr. prof., Hindi, Shri Aravind Coll. (eve.), Delhi U.)</subfield>
  </datafield>
</record>